<record><leader>00000cas a22000007a 4500</leader><controlfield tag="001">8811033</controlfield><controlfield tag="008">820927d18451856ctuir ne      0    0eng  </controlfield><controlfield tag="009">467</controlfield><datafield ind1=" " ind2=" " tag="010"><subfield code="a">sn 82015206 </subfield></datafield><datafield ind1=" " ind2=" " tag="040"><subfield code="a">DLC</subfield><subfield code="b">eng</subfield><subfield code="c">NSD</subfield><subfield code="d">DLC</subfield><subfield code="d">NPX</subfield><subfield code="d">NPU</subfield><subfield code="d">DLC</subfield><subfield code="d">YOX</subfield><subfield code="d">CNW</subfield><subfield code="d">OCL</subfield><subfield code="d">CRL</subfield><subfield code="d">OCLCF</subfield></datafield><datafield ind1="1" ind2=" " tag="029"><subfield code="a">AU@</subfield><subfield code="b">000025828512</subfield></datafield><datafield ind1=" " ind2=" " tag="042"><subfield code="a">msc</subfield></datafield><datafield ind1=" " ind2=" " tag="043"><subfield code="a">n-us-ct</subfield></datafield><datafield ind1="0" ind2="0" tag="050"><subfield code="a">Newspaper 7263</subfield></datafield><datafield ind1="0" ind2=" " tag="130"><subfield code="a">Norwich evening courier (Norwich, Conn. : 1845)</subfield></datafield><datafield ind1="0" ind2="0" tag="245"><subfield code="a">Norwich evening courier.</subfield></datafield><datafield ind1="1" ind2="3" tag="246"><subfield code="a">Tri-weekly courier</subfield><subfield code="f">Dec. 31, 1846-Feb. 15, 1848</subfield></datafield><datafield ind1="1" ind2="7" tag="246"><subfield code="a">Evening courier</subfield><subfield code="f">1845-July 16, 1853</subfield></datafield><datafield ind1=" " ind2=" " tag="260"><subfield code="a">Norwich, CT. :</subfield><subfield code="b">D.E. Sykes,</subfield></datafield><datafield ind1=" " ind2=" " tag="300"><subfield code="a">v. ;</subfield><subfield code="c">56 cm.</subfield></datafield><datafield ind1=" " ind2=" " tag="310"><subfield code="a">Three times a week</subfield></datafield><datafield ind1="0" ind2=" " tag="362"><subfield code="a">Vol. 4, no. 103 (Oct. 30, 1845)-v. 15, no. 64 (July 29, 1856) = whole no. 635-1722.</subfield></datafield><datafield ind1=" " ind2=" " tag="530"><subfield code="a">Also available on microfilm from Graphic Microfilm Service, Inc.</subfield></datafield><datafield ind1=" " ind2=" " tag="580"><subfield code="a">Weekly ed.: Norwich weekly courier (Norwich, Conn. : 1845).</subfield></datafield><datafield ind1=" " ind2="0" tag="651"><subfield code="a">Norwich (Conn.)</subfield><subfield code="v">Newspapers.</subfield></datafield><datafield ind1=" " ind2="0" tag="651"><subfield code="a">New London County (Conn.)</subfield><subfield code="v">Newspapers.</subfield></datafield><datafield ind1=" " ind2="7" tag="655"><subfield code="a">Newspapers.</subfield><subfield code="2">fast</subfield><subfield code="0">(OCoLC)fst01423814</subfield></datafield><datafield ind1=" " ind2="7" tag="651"><subfield code="a">Connecticut</subfield><subfield code="z">New London County.</subfield><subfield code="2">fast</subfield><subfield code="0">(OCoLC)fst01221053</subfield></datafield><datafield ind1=" " ind2="7" tag="651"><subfield code="a">Connecticut</subfield><subfield code="z">Norwich.</subfield><subfield code="2">fast</subfield><subfield code="0">(OCoLC)fst01216259</subfield></datafield><datafield ind1=" " ind2=" " tag="752"><subfield code="a">United States</subfield><subfield code="b">Connecticut</subfield><subfield code="c">New London</subfield><subfield code="d">Norwich.</subfield></datafield><datafield ind1="1" ind2=" " tag="775"><subfield code="t">Norwich weekly courier (Norwich, Conn. : 1845)</subfield><subfield code="w">(DLC)sn 82016391</subfield><subfield code="w">(OCoLC)9309658</subfield></datafield><datafield ind1="0" ind2="0" tag="780"><subfield code="t">Norwich courier (Norwich, Conn. : 1842)</subfield><subfield code="w">(DLC)sn 84022581</subfield><subfield code="w">(OCoLC)10494410</subfield></datafield><datafield ind1="0" ind2="0" tag="785"><subfield code="t">Evening courier (Norwich, Conn.)</subfield><subfield code="w">(DLC)sn 84022582</subfield><subfield code="w">(OCoLC)10494472</subfield></datafield></record>